@misc{rfc3447,
	author = "J. Jonsson and B. Kaliski",
	title = "{Public-Key Cryptography Standards (PKCS) \#1: RSA Cryptography Specifications Version 2.1}",
	series = "Request for Comments",
	number = "3447",
	howpublished = "RFC 3447 (Informational)",
	publisher = "IETF",
	organisation = "Internet Engineering Task Force",
	year = 2003,
	month = feb,
	url = "http://www.ietf.org/rfc/rfc3447.txt",
}

@misc{rfc3526,
	author = "T. Kivinen and M. Kojo",
	title = "{More Modular Exponential (MODP) Diffie-Hellman groups for Internet Key Exchange (IKE)}",
	series = "Request for Comments",
	number = "3526",
	howpublished = "RFC 3526 (Proposed Standard)",
	publisher = "IETF",
	organisation = "Internet Engineering Task Force",
	year = 2003,
	month = may,
	url = "http://www.ietf.org/rfc/rfc3526.txt",
}

@misc{rfc4303,
	author = "S. Kent",
	title = "{IP Encapsulating Security Payload (ESP)}",
	series = "Request for Comments",
	number = "4303",
	howpublished = "RFC 4303 (Proposed Standard)",
	publisher = "IETF",
	organisation = "Internet Engineering Task Force",
	year = 2005,
	month = dec,
	url = "http://www.ietf.org/rfc/rfc4303.txt",
}

@misc{rfc5280,
	author = "D. Cooper and S. Santesson and S. Farrell and S. Boeyen and R. Housley and W. Polk",
	title = "{Internet X.509 Public Key Infrastructure Certificate and Certificate Revocation List (CRL) Profile}",
	series = "Request for Comments",
	number = "5280",
	howpublished = "RFC 5280 (Proposed Standard)",
	publisher = "IETF",
	organisation = "Internet Engineering Task Force",
	year = 2008,
	month = may,
	url = "http://www.ietf.org/rfc/rfc5280.txt",
}

@misc{rfc5996,
	author = "C. Kaufman and P. Hoffman and Y. Nir and P. Eronen",
	title = "{Internet Key Exchange Protocol Version 2 (IKEv2)}",
	series = "Request for Comments",
	number = "5996",
	howpublished = "RFC 5996 (Proposed Standard)",
	publisher = "IETF",
	organisation = "Internet Engineering Task Force",
	year = 2010,
	month = sep,
	note = "Updated by RFC 5998",
	url = "http://www.ietf.org/rfc/rfc5996.txt",
}

@inproceedings{Zhang:2012:CSC:2382196.2382230,
	author = {Zhang, Yinqian and Juels, Ari and Reiter, Michael K. and Ristenpart, Thomas},
	title = {Cross-{VM} side channels and their use to extract private keys},
	booktitle = {Proceedings of the 2012 ACM conference on Computer and communications security},
	series = {CCS '12},
	year = {2012},
	isbn = {978-1-4503-1651-4},
	location = {Raleigh, North Carolina, USA},
	pages = {305--316},
	numpages = {12},
	url = {http://doi.acm.org/10.1145/2382196.2382230},
	doi = {10.1145/2382196.2382230},
	acmid = {2382230},
	publisher = {ACM},
	address = {New York, NY, USA},
	keywords = {cache-based side channel, cross-vm side channel, side-channel attack},
}

@inproceedings{Aciicmez:2007:PSB:1229285.1266999,
	author = {Acii\c{c}mez, Onur and Ko\c{c}, \c{C}etin Kaya and Seifert, Jean-Pierre},
	title = {On the power of simple branch prediction analysis},
	booktitle = {Proceedings of the 2nd ACM symposium on Information, computer and communications security},
	series = {ASIACCS '07},
	year = {2007},
	isbn = {1-59593-574-6},
	location = {Singapore},
	pages = {312--320},
	numpages = {9},
	url = {http://doi.acm.org/10.1145/1229285.1266999},
	doi = {10.1145/1229285.1266999},
	acmid = {1266999},
	publisher = {ACM},
	address = {New York, NY, USA},
	keywords = {RSA, branch prediction analysis, modular exponentiation, side channel analysis},
}

@misc{cryptoeprint:2010:594,
	author = {Endre Bangerter and David Gullasch and Stephan Krenn},
	title = "{Cache Games - Bringing Access Based Cache Attacks on AES to Practice}",
	howpublished = {Cryptology ePrint Archive, Report 2010/594},
	year = {2010},
	note = {\url{http://eprint.iacr.org/}},
}

@unpublished{secunet:01,
	author = "{Reto Buerki, Robert Dorn, Adrian-Ken Rueegsegger}",
	title = "{Split of IKEv2 Services into a Trusted and a Semi-Trusted Component}",
	year = {2011},
	note = {\url{http://www.secunet.com/}},
}

@book{DBLP:books/sp/Ada2006,
	author    = {S. Tucker Taft and
				 Robert A. Duff and
				 Randall Brukardt and
				 Erhard Pl{\"o}dereder and
				 Pascal Leroy},
	title     = {Ada 2005 Reference Manual. Language and Standard Libraries
				 - International Standard ISO/IEC 8652/1995 (E) with Technical
				 Corrigendum 1 and Amendment 1},
	publisher = {Springer},
	series    = {Lecture Notes in Computer Science},
	volume    = {4348},
	year      = {2006},
	isbn      = {978-3-540-69335-2},
	ee        = {http://dx.doi.org/10.1007/978-3-540-69336-9},
	bibsource = {DBLP, http://dblp.uni-trier.de}
}

@TechReport{Steelman78,
	author = "{High Order Language Working Group, Department of Defense}",
	title =	"Department of Defense Requirements for High Order Computer Programming Languages: Steelman",
	institution = "U. S. Department of Defense",
	month =	jun,
	year = "1978",
}

@Article{Ada83,
	author = "Ada",
	title =	"Reference Manual for the Ada Programming Language",
	journal = "ANSI/MIL-STD-1815A-1983",
	year = "1983",
	publisher =	"United States Department of Defense",
}
